<?xml version="1.0" encoding="UTF-8"?><collection xmlns="http://www.loc.gov/MARC21/slim"><record><leader>00418nam--2200121-i-4500</leader><controlfield tag="001">000021202</controlfield><controlfield tag="002">20161230</controlfield><controlfield tag="005">20161230201034</controlfield><controlfield tag="008">060222s1000------------r-----000-0-eng-d</controlfield><datafield ind1=" " ind2=" " tag="245"><subfield code="a">The hazards to man of nuclear and allied radiation, presented by the lord president of the council to parliament..</subfield></datafield><datafield ind1=" " ind2=" " tag="260"><subfield code="a">London, Her Majesty`S Stationary Office, 1956 Viii + 128 P</subfield></datafield><datafield ind1=" " ind2=" " tag="490"><subfield code="a">Medical Research Council</subfield></datafield><datafield ind1=" " ind2=" " tag="852"><subfield code="a">12964</subfield></datafield></record></collection>